@article{berettaDataModelsFAIR2019,
  title = {Data models \& {{FAIR}} principles : the issue of historical research data interoperability},
  author = {Beretta, Francesco and {By-Nc-Sa}, Cc},
  year = {2019},
  langid = {english},
  file = {/home/port-pret-etu01/snap/zotero-snap/common/Zotero/storage/QXYHAFTX/Beretta et By-Nc-Sa - 2019 - Data models & FAIR principles  the issue of histo.pdf}
}

@article{berettaInteroperabiliteDonneesHistoriques,
  title = {{L'interopérabilité des données historiques et la question du modèle: l'ontologie du projet SyMoGIH}},
  author = {Beretta, Francesco},
  langid = {french},
  file = {/home/port-pret-etu01/snap/zotero-snap/common/Zotero/storage/YN2PBMNC/Beretta - L'interopérabilité des données historiques et la q.pdf}
}

@inproceedings{berettaInteroperabilityGeohistoricalData2019,
  title = {Interoperability of geo-historical data and {{FAIR}} principles : from the symogih.org project to the {{Data}} for {{History}} consortium},
  shorttitle = {Interoperability of geo-historical data and {{FAIR}} principles},
  booktitle = {Biographical {{Databases}}: {{Expert Meeting}}},
  author = {Beretta, Francesco},
  year = {2019},
  month = may,
  url = {https://shs.hal.science/halshs-02467106},
  urldate = {2024-03-27},
  langid = {english}
}

@incollection{berliozRecueilsExemplaDiffusion1994,
  title = {Les recueils d'exempla et la diffusion de l'encyclopédisme médiéval},
  booktitle = {L'enciclopedismo medievale},
  author = {Berlioz, Jacques and {Polo de Beaulieu}, Marie-Anne},
  year = {1994},
  pages = {179--212},
  file = {/home/port-pret-etu01/snap/zotero-snap/common/Zotero/storage/LTJQY8K4/anzeige.html}
}

@misc{bikakisXMLSemanticWeb2016,
  title = {The {{XML}} and {{Semantic Web Worlds}}: {{Technologies}}, {{Interoperability}} and {{Integration}}. {{A Survey}} of the {{State}} of the {{Art}}},
  shorttitle = {The {{XML}} and {{Semantic Web Worlds}}},
  author = {Bikakis, Nikos and Tsinaraki, Chrisa and Gioldasis, Nektarios and Stavrakantonakis, Ioannis and Christodoulakis, Stavros},
  year = {2016},
  month = aug,
  number = {arXiv:1608.03556},
  eprint = {1608.03556},
  primaryclass = {cs},
  publisher = {arXiv},
  url = {http://arxiv.org/abs/1608.03556},
  urldate = {2024-03-27},
  abstract = {In the context of the emergent Web of Data, a large number of organizations, institutes and companies (e.g., DBpedia, Geonames, PubMed ACM, IEEE, NASA, BBC) adopt the Linked Data practices and publish their data utilizing Semantic Web (SW) technologies. On the other hand, the dominant standard for information exchange in the Web today is XML. Many international standards (e.g., Dublin Core, MPEG-7, METS, TEI, IEEE LOM) have been expressed in XML Schema resulting to a large number of XML datasets. The SW and XML worlds and their developed infrastructures are based on different data models, semantics and query languages. Thus, it is crucial to provide interoperability and integration mechanisms to bridge the gap between the SW and XML worlds. In this chapter, we give an overview and a comparison of the technologies and the standards adopted by the XML and SW worlds. In addition, we outline the latest efforts from the W3C groups, including the latest working drafts and recommendations (e.g., OWL 2, SPARQL 1.1, XML Schema 1.1). Moreover, we present a survey of the research approaches which aim to provide interoperability and integration between the XML and SW worlds. Finally, we present the SPARQL2XQuery and XS2OWL Frameworks, which bridge the gap and create an interoperable environment between the two worlds. These Frameworks provide mechanisms for: (a) Query translation (SPARQL to XQuery translation); (b) Mapping specification and generation (Ontology to XML Schema mapping); and (c) Schema transformation (XML Schema to OWL transformation).},
  archiveprefix = {arXiv},
  keywords = {97R50 68P05 68P15,Computer Science - Databases,D.2.12,E.1,H.2.1,H.2.3,H.2.4,H.2.5,H.3.4},
  file = {/home/port-pret-etu01/snap/zotero-snap/common/Zotero/storage/XYEAI9QL/Bikakis et al. - 2016 - The XML and Semantic Web Worlds Technologies, Int.pdf;/home/port-pret-etu01/snap/zotero-snap/common/Zotero/storage/X5WVLAKJ/1608.html}
}

@article{burghartInformatisationThEMA2005,
  title = {{L’informatisation du ThEMA}},
  author = {Burghart, Marjorie},
  year = {2005},
  month = jan,
  journal = {Les Cahiers du Centre de Recherches Historiques. Archives},
  number = {35},
  publisher = {Centre de Recherches Historiques},
  issn = {0990-9141},
  doi = {10.4000/ccrh.3025},
  url = {https://journals.openedition.org/ccrh/3025},
  urldate = {2024-04-05},
  abstract = {La forme de l’informatisation du ThEMA fut liée aux choix d’un développement académique indépendant. Il s’agissait d’être maître de l’outil, en conservant la possibilité de faire évoluer librement la base, en toute autonomie~; il convenait aussi d’être maître des données, pour envisager diverses possibilités~: décliner le ThEMA sous différentes formes (CDRom~; papier)~; favoriser son intégration à d’autres projets (Thesaurus des sermons médiévaux, par exemple).  Le choix de l’autonomie passai...},
  copyright = {All rights reserved},
  langid = {french},
  file = {/home/port-pret-etu01/snap/zotero-snap/common/Zotero/storage/DL2JVCGR/Burghart - 2005 - L’informatisation du ThEMA.pdf}
}

@book{burnardQuEstceQue2015,
  title = {{Qu’est-ce que la Text Encoding Initiative~?}},
  author = {Burnard, Lou},
  year = {2015},
  journal = {Qu’est-ce que la Text Encoding Initiative~?},
  publisher = {OpenEdition Press},
  address = {Marseille},
  url = {https://books.openedition.org/oep/1237},
  urldate = {2024-04-11},
  copyright = {https://creativecommons.org/licenses/by-nc-nd/4.0/},
  isbn = {978-2-8218-5581-6},
  langid = {french},
  keywords = {édition électronique,édition numérique,encodage de textes,humanités numériques,TEI,XML}
}

@misc{CBioPortalCancerGenomics,
  title = {{{cBioPortal}} for {{Cancer Genomics}}},
  url = {https://www.cbioportal.org/},
  urldate = {2024-04-02}
}

@misc{DeathNumbers,
  title = {Death by {{Numbers}}},
  url = {https://deathbynumbers.org/2022/11/21/building-a-data-api-for-historical-research/},
  urldate = {2024-03-27}
}

@article{defudeBasesDonneesObjet,
  title = {{Bases de données : de l’objet à l’interopérabilité}},
  author = {Defude, Bruno},
  langid = {french},
  file = {/home/port-pret-etu01/snap/zotero-snap/common/Zotero/storage/VZCJ4IKG/Defude - Bases de données  de l’objet à l’interopérabilité.pdf}
}

@article{diaz-ordonezNewApproachConstruction2023,
  title = {A new approach for the construction of historical databases—{{NoSQL Document-oriented}} databases: the example of {{AtlantoCracies}}},
  shorttitle = {A new approach for the construction of historical databases—{{NoSQL Document-oriented}} databases},
  author = {{Diaz-Ordoñez}, Manuel and Rodríguez Baena, Domingo Savio and {Yun-Casalilla}, Bartolomé},
  year = {2023},
  month = sep,
  journal = {Digital Scholarship in the Humanities},
  volume = {38},
  number = {3},
  pages = {1014--1032},
  issn = {2055-7671},
  doi = {10.1093/llc/fqad033},
  url = {https://doi.org/10.1093/llc/fqad033},
  urldate = {2024-03-27},
  abstract = {This article proposes, and justifies, the use of the Document-oriented databases as a flexible, easy to use, and powerful digital tool in the field of historical research. First, the reasons that have made relational databases the predominant instrument among historians are studied, while detailing the problems involved in their use. Next, the way in which historians have tried to face these problems by using other digital tools is explained, as well as the limitations that such use entails. Through a case study—that of European aristocratic networks in early modern times—it is shown, however, that Document-oriented databases, present notable advantages and have greater explanatory power for the historian’s work. Thanks to their flexibility, they are better adapted to the often-unpredictable nature of historical sources without diminishing their ease of use or their analytical potential.},
  file = {/home/port-pret-etu01/snap/zotero-snap/common/Zotero/storage/ZHYEHJ2C/Diaz-Ordoñez et al. - 2023 - A new approach for the construction of historical .pdf;/home/port-pret-etu01/snap/zotero-snap/common/Zotero/storage/G33RIY59/7136726.html}
}

@misc{distamFlorencePerretManifestes2023,
  type = {{Billet}},
  title = {{Florence Perret : Les manifestes IIIF et l’interopérabilité des standards}},
  shorttitle = {{Florence Perret}},
  author = {DISTAM},
  year = {2023},
  month = aug,
  journal = {DISTAM},
  issn = {2824-2807},
  doi = {10.58079/npbx},
  url = {https://distam.hypotheses.org/7006},
  urldate = {2024-03-27},
  abstract = {IIIF (International Image Interoperability Framework)~est un cadre d’interopérabilité dédié aux documents multimédia sur le web. Ce modèle permet de diffuser, présenter et annoter des images, des fichiers audio et vidéo. Nakala, l’entrepôt de données développé à l’IR* Huma-Num pour les SHS, propose un certain nombre de services basés sur l’implémentation...},
  langid = {french}
}

@incollection{draelantsEncyclopediesMedievalesMilieu2022,
  title = {{Encyclopédies médiévales en milieu numérique: Les nouveaux enjeux de SourcEncyMe pour le traitement des auctoritates}},
  shorttitle = {{Encyclopédies médiévales en milieu numérique}},
  booktitle = {{Dix ans de corpus d'auteurs}},
  author = {Draelants, Isabelle and Kuhry, Emmanuelle},
  editor = {Idmhand, Fatiha and {Marasescu-Galleron}, Ioana},
  year = {2022},
  month = jul,
  pages = {155--178},
  publisher = {Editions des archives contemporaines},
  doi = {10.17184/eac.5479},
  url = {https://eac.ac/articles/5479},
  urldate = {2024-04-08},
  isbn = {978-2-8130-0435-2},
  langid = {french},
  file = {/home/port-pret-etu01/snap/zotero-snap/common/Zotero/storage/DY4E6EMW/Draelants et Kuhry - 2022 - Encyclopédies médiévales en milieu numérique Les .pdf}
}

@book{edmondDigitalTechnologyPractices2020,
  title = {Digital {{Technology}} and the {{Practices}} of {{Humanities Research}}},
  editor = {Edmond, Jennifer},
  year = {2020},
  journal = {Digital Technology and the Practices of Humanities Research},
  series = {Digital {{Humanities Series}}},
  publisher = {Open Book Publishers},
  address = {Cambridge},
  url = {https://books.openedition.org/obp/11899},
  urldate = {2024-03-27},
  abstract = {How does technology impact research practices in the humanities? How does digitisation shape scholarly identity? How do we negotiate trust in the digital realm? What is scholarship, what forms can it take, and how does it acquire authority? This diverse set of essays demonstrate the importance of asking such questions, bringing together established and emerging scholars from a variety of disciplines, at a time when data is increasingly being incorporated as an input and output in humanities sources and publications. Major themes addressed include the changing nature of scholarly publishing in a digital age, the different kinds of ‘gate-keepers’ for scholarship, and the difficulties of effectively assessing the impact of digital resources. The essays bring theoretical and practical perspectives into conversation, offering readers not only comprehensive examinations of past and present discourse on digital scholarship, but tightly-focused case studies. This timely volume~illuminates the different forces underlying the shifting practices in humanities research today, with especial focus on how humanists take ownership of, and are empowered by, technology in unexpected ways. Digital Technology and the Practices of Humanities Research is essential reading for scholars, students, and general readers interested in the changing culture of research practices in the humanities, and in the future of the digital humanities on the whole.},
  copyright = {https://creativecommons.org/licenses/by/4.0/},
  isbn = {979-10-365-6084-2},
  langid = {english},
  keywords = {digital age,digitisation,humanities,scholarly identity,scholarly publishing,scholarship,technology}
}

@article{elhadiBibliothequesNumeriquesHumanites2015,
  title = {{Bibliothèques numériques et humanités digitales. La continuité d’une problématique sur l’organisation des connaissances en lettres et sciences humaines}},
  shorttitle = {{Bibliothèques numériques et humanités digitales}},
  author = {El Hadi, Widad Mustafa and Favier, Laurence},
  year = {2015},
  journal = {Les Cahiers du numérique},
  volume = {11},
  number = {1},
  pages = {83--102},
  publisher = {Lavoisier},
  address = {Cachan},
  issn = {1622-1494},
  url = {https://www.cairn.info/revue-les-cahiers-du-numerique-2015-1-page-83.htm},
  urldate = {2024-03-27},
  abstract = {Les technologies numériques n’ont pas seulement fait évoluer les modes de diffusion des savoirs, elles ont aussi redéfini les contours de ceux-ci : les traces de la science en train de se faire (les carnets de recherche, les agendas d’événements) tout autant que les corpus et les données de la recherche font l’objet d’initiatives de diffusion et deviennent ainsi publiques et accessibles à tous. S’y ajoute l’édition des sources en sciences humaines et sociales que se partagent institutions scientifiques et patrimoniales faisant place tant à l’édition critique classique qu’aux commentaires des internautes et aux pratiques de crowdsourcing. Les savoirs constitués (évalués par les pairs) et publiés ne sont plus les seuls objets de diffusion et donc d’archivage. L’archivage numérique des savoirs s’interroge sur les conséquences de la mise en ligne des savoirs. Les savoirs aujourd’hui produits sous forme nativement numérique coexistent avec des ressources patrimoniales numérisées dont le format original est constitué de papiers, de pellicules photos ou films, etc. Or la numérisation est un processus qui construit ou reconstruit des objets en les enrichissant, en les liant à d’autres grâce à la mise en réseau, en les situant dans des catalogues interconnectés, en les positionnant dans des espaces informationnels où ils ne peuvent plus être interprétés de manière isolée mais comme les noeuds d’un réseau sémantique. Plus encore, ces nouveaux objets numériques entrent en interaction avec le public et se transforment dans cette interaction faite de commentaires et de débats en ligne. Comment se construit un objet de connaissance à partir d’un ensemble de données numériques elles-mêmes parfois issues de documents non numériques ? Comment l’évaluation scientifique prend en compte ces évolutions ? Autant de questions auxquelles répondent les contributions rassemblées dans ce volume, en s’appuyant sur des travaux et projets européens.},
  langid = {french},
  file = {/home/port-pret-etu01/snap/zotero-snap/common/Zotero/storage/CQFTVZAX/El Hadi et Favier - 2015 - Bibliothèques numériques et humanités digitales. L.pdf}
}

@incollection{emanuelChapterStitchingTogether2018,
  title = {Chapter 9 - {{Stitching Together Technology}} for the {{Digital Humanities With}} the {{International Image Interoperability Framework}} ({{IIIF}})},
  booktitle = {Digital {{Humanities}}, {{Libraries}}, and {{Partnerships}}},
  author = {Emanuel, Jeffrey P.},
  editor = {Kear, Robin and Joranson, Kate},
  year = {2018},
  month = jan,
  pages = {125--135},
  publisher = {Chandos Publishing},
  doi = {10.1016/B978-0-08-102023-4.00009-4},
  url = {https://www.sciencedirect.com/science/article/pii/B9780081020234000094},
  urldate = {2024-03-27},
  abstract = {The International Image Interoperability Framework (IIIF) is a set of common APIs developed to provide access to digital visual material from libraries, museums, and other repositories without the all-too-frequent need for a common viewing application. By using a common framework to collaborate across institutional silos, Harvard has leveraged the promise of IIIF in multiple functional areas, supporting the adoption of a new Harvard Library Viewer, walls of images in the Harvard Art Museums, and image collections embedded in Canvas and in massive open online courses from HarvardX—all in high resolution, and with unprecedented interactivity.},
  isbn = {978-0-08-102023-4},
  keywords = {cross-divisional collaboration,Digital humanities,international image interoperability framework (IIIF),interoperability,Mirador,visual material}
}

@article{feylerCompatibiliteInteroperabiliteMatiere2007,
  title = {{De la compatibilité à l'interopérabilité en matière de repérage d'information pertinente. La problématique et l'exemple d'OTAREN}},
  shorttitle = {{De la compatibilité à l'interopérabilité en matière de repérage d'information pertinente}},
  author = {Feyler, François},
  year = {2007},
  journal = {Documentaliste-Sciences de l'Information},
  volume = {44},
  number = {1},
  pages = {84--92},
  publisher = {A.D.B.S.},
  address = {Paris},
  issn = {0012-4508},
  doi = {10.3917/docsi.441.0084},
  url = {https://www.cairn.info/revue-documentaliste-sciences-de-l-information-2007-1-page-84.htm},
  urldate = {2024-03-27},
  abstract = {EtudeÀ partir de l’exemple de l’information «~pour et sur l’éducation~», cette dernière étude aborde la délicate question de la compatibilité et de l’interopérabilité des langages documentaires, conditions d’un juste repérage de l’information pertinente dans des sources de plus en plus nombreuses et volumineuses. François Feyler explique ici que, lorsqu’on est confronté à une multiplicité de systèmes d’indexation, il faut envisager un système d’équivalences terminologiques entre les représentations de concepts présentes dans chacun des langages contrôlés, sans passer obligatoirement par une phase de modification de l’indexation initiale. Ce qu’illustre le projet OTAREN développé par le CNDP pour l’Éducation nationale.},
  langid = {french},
  file = {/home/port-pret-etu01/snap/zotero-snap/common/Zotero/storage/IBCWX5QE/Feyler - 2007 - De la compatibilité à l'interopérabilité en matièr.pdf}
}

@article{fragaOntologybasedSolutionsInteroperability2020,
  title = {Ontology-based solutions for interoperability among product lifecycle management systems: {{A}} systematic literature review},
  shorttitle = {Ontology-based solutions for interoperability among product lifecycle management systems},
  author = {Fraga, Alvaro Luis and Vegetti, Marcela and Leone, Horacio Pascual},
  year = {2020},
  month = dec,
  journal = {Journal of Industrial Information Integration},
  volume = {20},
  pages = {100176},
  issn = {2452-414X},
  doi = {10.1016/j.jii.2020.100176},
  url = {https://www.sciencedirect.com/science/article/pii/S2452414X20300510},
  urldate = {2024-03-27},
  abstract = {During recent years, globalization has had an impact on the competitive capacity of industries, forcing them to integrate their productive processes with other, geographically distributed, facilities. This requires the information systems that support such processes to interoperate. Significant attention has been paid to the development of ontology-based solutions, which are meant to tackle issues from inconsistency to semantic interoperability and knowledge reusability. This paper looks into how the available technology, models and ontology-based solutions might interact within the manufacturing industry environment to achieve semantic interoperability among industrial information systems. Through a systematic literature review, this paper has aimed to identify the most relevant elements to consider in the development of an ontology-based solution and how these solutions are being deployed in industry. The research analyzed 54 studies in alignment with the specific requirements of our research questions. The most relevant results show that ontology-based solutions can be set up using OWL as the ontology language, Protégé as the ontology modeling tool, Jena as the application programming interface to interact with the built ontology, and different standards from the International Organization for Standardization Technical Committee 184, Subcommittee 4 or 5, to get the foundational concepts, axioms, and relationships to develop the knowledge base. We believe that the findings of this study make an important contribution to practitioners and researchers as they provide useful information about different projects and choices involved in undertaking projects in the field of industrial ontology application.},
  keywords = {Interoperability,Ontology,Product lifecycle management,Review,Roles of ontology},
  file = {/home/port-pret-etu01/snap/zotero-snap/common/Zotero/storage/74H43C3J/Fraga et al. - 2020 - Ontology-based solutions for interoperability amon.pdf}
}

@article{galleronInteroperabiliteReutilisabiliteEditions2020,
  title = {{De l’interopérabilité à la réutilisabilité des éditions électroniques}},
  author = {Galleron, Ioana and Idmhand, Fatiha},
  year = {2020},
  month = jan,
  journal = {Humanités numériques},
  number = {1},
  publisher = {Humanistica},
  issn = {2736-2337},
  doi = {10.4000/revuehn.350},
  url = {https://journals.openedition.org/revuehn/350},
  urldate = {2024-03-27},
  abstract = {Si la qualité et la pertinence de l’édition scientifique numérique ont fait l’objet de plusieurs réflexions, sa «~réutilisabilité~» a été, jusqu’à présent, moins étudiée et pensée. Cet article analyse les raisons pour lesquelles la prise en compte de cet aspect est toutefois incontournable, en dépit de la tension dans laquelle il entre avec la poursuite d’objectifs propres à l’équipe éditoriale. Trois modes d’identification du point d’équilibre entre les besoins du ou des réalisateurs de l’édition et ses utilisateurs futurs sont évoqués~: l’enquête préliminaire, le travail à partir d’une conceptualisation abstraite de l’activité scientifique et un mélange des deux. Enfin, l’article offre un exemple de réflexion sur la réutilisabilité à partir des «~scholarly primitives~» de John Unsworth.},
  copyright = {https://creativecommons.org/licenses/by/4.0/},
  langid = {french},
  keywords = {accessibilité,corpus d’auteur,édition électronique,édition savante numérique,évaluation,expérience utilisateur,modélisation de l’activité de recherche,réutilisation},
  file = {/home/port-pret-etu01/snap/zotero-snap/common/Zotero/storage/SNPAIFL8/Galleron et Idmhand - 2020 - De l’interopérabilité à la réutilisabilité des édi.pdf}
}

@techreport{goetaStandardisationDonneesOuvertes2022,
  title = {La standardisation des données ouvertes : favoriser l'interopérabilité, accroître l'impact de l'open data},
  shorttitle = {La standardisation des données ouvertes},
  author = {Goëta, Samuel and {Ho-Pun-Cheung}, Elise},
  year = {2022},
  month = dec,
  institution = {Observatoire Data Publica},
  url = {https://hal.science/hal-03986670},
  urldate = {2024-04-11},
  abstract = {La standardisation des données réduit les frictions en facilitant la découverte de données similaires ouvertes dans différents territoires et en permettant de consolider les données produites localement dans une base nationale exploitable facilement. Les standards, en tant qu’ensembles de recommandations préconisées par un groupe d’utilisateurs, permettent à différents outils numériques de communiquer pour construire un tout cohérent au service d’un ou plusieurs objectifs. Ce cahier a pour objectif de présenter un état des lieux de la standardisation des données ouvertes, en portant une attention particulière aux défis liés à leur conception et à leur réutilisation, notamment par les collectivités productrices de données. À travers ce cahier nous cherchons notamment à montrer que les standards de données ouvertes, en tant qu’outil d’échange, peuvent être au service d’un projet collectif : développer la transparence de l’action publique, permettre une mobilité plus inclusive, ou encore orienter plus efficacement les publics visés par des dispositifs d’insertion.},
  keywords = {Open data,standard,standardisation},
  file = {/home/port-pret-etu01/snap/zotero-snap/common/Zotero/storage/2DIAK8QQ/Goëta et Ho-Pun-Cheung - 2022 - La standardisation des données ouvertes  favorise.pdf}
}

@techreport{heflinSemanticInteroperabilityWeb2000,
  title = {Semantic {{Interoperability}} on the {{Web}}:},
  shorttitle = {Semantic {{Interoperability}} on the {{Web}}},
  author = {Heflin, Jeff and Hendler, James},
  year = {2000},
  month = jan,
  address = {Fort Belvoir, VA},
  institution = {Defense Technical Information Center},
  doi = {10.21236/ADA440535},
  url = {http://www.dtic.mil/docs/citations/ADA440535},
  urldate = {2024-03-27},
  langid = {english},
  file = {/home/port-pret-etu01/snap/zotero-snap/common/Zotero/storage/LEAY9A8P/Heflin et Hendler - 2000 - Semantic Interoperability on the Web.pdf}
}

@article{hodappInteroperabilityEraDigital2022,
  title = {Interoperability in the era of digital innovation: {{An}} information systems research agenda},
  shorttitle = {Interoperability in the era of digital innovation},
  author = {Hodapp, Daniel and Hanelt, André},
  year = {2022},
  month = dec,
  journal = {Journal of Information Technology},
  volume = {37},
  number = {4},
  pages = {407--427},
  publisher = {SAGE Publications Ltd},
  issn = {0268-3962},
  doi = {10.1177/02683962211064304},
  url = {https://doi.org/10.1177/02683962211064304},
  urldate = {2024-03-27},
  abstract = {Digital innovation enables new forms of cyber-physical innovation based on digital business ecosystems. However, the realization of the opportunities arising from such innovation substantially hinges on interoperability, that is, the ability of two or more systems to exchange information and understand that exchanged information. While interoperability is a long-standing topic in research and practice alike and a valuable knowledge base exists, digital innovation poses novel challenges that might not be covered by conventional wisdom. Accordingly, we review the literature and, first, propose an organizing framework for existing interoperability knowledge involving the contextual conditions of low interoperability, the mechanisms to increase interoperability, and the associated outcomes. Second, we use the framework to identify previous research foci in the scholarly discourse about interoperability and to discuss the potential limitations of this past work in light of digital innovation. Third, we propose a research agenda that enables information systems (IS) research to address the identified limitations—involving conceptual, scoping, and methodological issues—and provide specific recommendations on how to address the identified issues in future IS research. Finally, we propose five major research topics for further inquiry by combining the challenges identified in current knowledge with the current shift toward hyper-connected ecosystems underlying digital innovation.},
  langid = {english}
}

@article{holtzInstitutRechercheHistoire2005,
  title = {{L’institut de recherche et d’histoire des textes (IRHT)}},
  author = {Holtz, Louis},
  year = {2005},
  month = jun,
  journal = {Les Cahiers du Centre de Recherches Historiques. Archives},
  number = {36},
  publisher = {Centre de Recherches Historiques},
  issn = {0990-9141},
  doi = {10.4000/ccrh.3046},
  url = {https://journals.openedition.org/ccrh/3046},
  urldate = {2024-04-11},
  abstract = {L’Institut de recherche et d’histoire des textes a largement bénéficié, je me fais un plaisir de le rappeler, de la bienveillance et de l’estime des fondateurs de l’École des hautes études en sciences sociales (EHESS). Jean Glénisson, qui a dirigé cette équipe du Centre national de recherche scientifique (CNRS) de 1965 à 1985, est un élève de Fernand Braudel, à qui du reste il a succédé dans son enseignement à Sâo Pauolo. Par ailleurs, des membres éminents de l’EHESS ont siégé dans le conseil...},
  copyright = {All rights reserved},
  langid = {french},
  file = {/home/port-pret-etu01/snap/zotero-snap/common/Zotero/storage/AH483B65/Holtz - 2005 - L’institut de recherche et d’histoire des textes (.pdf}
}

@misc{HowCanConnect,
  title = {How can {{I}} connect two databases in {{SQL}}?},
  journal = {Quora},
  url = {https://www.quora.com/How-can-I-connect-two-databases-in-SQL},
  urldate = {2024-03-27},
  abstract = {Answer (1 of 8): The connection of different databases ist not part of SQL. It is completely different between Oracle DB, SQL Server, mySQL or Postgres. There always is a RDBMS special method to connect to other DBs. When this connection is established and works, and the user has the access righ...},
  langid = {english}
}

@misc{HowSyncData2023,
  title = {How to {{Sync Data Between Different Databases}}},
  year = {2023},
  month = feb,
  journal = {Semrush Life Blog},
  url = {https://careers.semrush.com/blog/how-to-sync-data-between-different-databases/},
  urldate = {2024-03-27},
  abstract = {When Semrush teams moved to a centralized place for storing user data and to microservices, they started facing a challenge on how to keep all data in sync.},
  langid = {english},
  file = {/home/port-pret-etu01/snap/zotero-snap/common/Zotero/storage/8PZINRKB/how-to-sync-data-between-different-databases.html}
}

@article{InteroperabiliteInformatique2021,
  title = {{Interopérabilité en informatique}},
  year = {2021},
  month = jun,
  journal = {Wikipédia},
  url = {https://fr.wikipedia.org/w/index.php?title=Interop%C3%A9rabilit%C3%A9_en_informatique&oldid=184065807},
  urldate = {2024-03-27},
  abstract = {L’interopérabilité ou interfonctionnement en informatique est la capacité que possède un système informatique à fonctionner avec d’autres produits ou systèmes informatiques, existants ou futurs, sans restriction d’accès ou de mise en œuvre. Les deux termes sont normalisés par la Canadian Standards Association (CSA) et la Commission électrotechnique internationale (ISO/CEI 2382-18:1999). En pratique, l'interopérabilité touche tous les domaines de l'informatique. Ce sont les règles de cohérence des données véhiculées qui gouvernent l'interopérabilité. Les données de référence employées par plusieurs applications sont généralement celles qui pilotent l'interopérabilité.},
  copyright = {Creative Commons Attribution-ShareAlike License},
  langid = {french},
  annotation = {Page Version ID: 184065807},
  file = {/home/port-pret-etu01/snap/zotero-snap/common/Zotero/storage/PF2N2PIF/Interopérabilité_en_informatique.html}
}

@misc{InteroperabilityDigitalEcosystem,
  title = {Interoperability in the {{Digital Ecosystem}}},
  url = {https://dash.harvard.edu/handle/1/28552584},
  urldate = {2024-03-27}
}

@inproceedings{jeansonCeQuiFragilise2019,
  title = {Ce qui fragilise l'intéropérabilité dans la mise en oeuvre des technologies du web sémantique et les prémices d'un outil pour la renforcer},
  booktitle = {Journée nationale {{DAHLIA}} “ {{Informatique}} et {{Humanités}} numériques : quelles problématiques pour quels domaines ? ”},
  author = {Jeanson, Loic},
  year = {2019},
  month = jun,
  address = {Nantes, France},
  url = {https://hal.science/hal-02498768},
  urldate = {2024-03-27},
  abstract = {Ce document présente une faiblesse d'interopérabilité dans les usages des technologies du web sémantique. Il présent quelques exemples de la même question du point de vue des humanités classiques et propose une assistance pour renforcer cette interopérabilité sémantique.},
  file = {/home/port-pret-etu01/snap/zotero-snap/common/Zotero/storage/TGGXX6HN/Jeanson - 2019 - Ce qui fragilise l'intéropérabilité dans la mise e.pdf}
}

@article{jeganIntegratingAccessAuthority2023,
  title = {Integrating {{Access}} to {{Authority Data}} for {{Improved Interoperability}} of {{Research Data}} in the {{Digital Humanities}}},
  author = {Jegan, Robin and Fruth, Leon and Gradl, Tobias and Henrich, Andreas},
  year = {2023},
  publisher = {[object Object]},
  doi = {10.18420/BTW2023-54},
  url = {http://dl.gi.de/handle/20.500.12116/40362},
  urldate = {2024-03-27},
  abstract = {Authority data is used to unambiguously identify persons, organizations and places. In this paper, a means to integrate access to several providers of authority data into data curation processes is described, which facilitates disambiguation of geographic data. Combined access to general datasets, in our case the Integrated Authority File (GND), as well as highly specialized datasets, here the Memorial Archives, improves the resolution of ambiguities and particularly benefits use cases of the Digital Humanities. The integration is necessary in order to abstract from technical, syntactical and semantic heterogeneity of the providers. Operations such as querying geographic information and receiving enriched data from different data sources are facilitated. An overview of the goals of the system, related projects and authority data providers are presented, as well as details on the implementation and further steps.},
  isbn = {9783885797258},
  langid = {english},
  keywords = {authority file||geographic databases||data integration},
  file = {/home/port-pret-etu01/snap/zotero-snap/common/Zotero/storage/2FFPIJTI/Jegan et al. - 2023 - Integrating Access to Authority Data for Improved .pdf}
}

@misc{JoinTablesDifferent,
  title = {Join {{Tables}} from {{Different Databases}} in {{SQL Server}} – {{Data}} to {{Fish}}},
  url = {https://datatofish.com/join-tables-different-databases-sql-server/},
  urldate = {2024-03-27},
  file = {/home/port-pret-etu01/snap/zotero-snap/common/Zotero/storage/5NFYMLJX/join-tables-different-databases-sql-server.html}
}

@misc{kuhryQuelsTraitementsNumeriques2022,
  type = {{Billet}},
  title = {{Quels traitements numériques pour les corpus encyclopédiques ? Les projets \emph{SourcEncyMe} et \emph{Mythologia} en dialogue (retour sur la séance du séminaire « Les p’tits déj’ ‘Humanités numériques’ de l’IRHT », 14/01/22)}},
  shorttitle = {{Quels traitements numériques pour les corpus encyclopédiques ?}},
  author = {Kuhry, Emmanuelle},
  year = {2022},
  month = apr,
  journal = {Gloses philosophiques à l’ère digitale},
  issn = {2646-0645},
  doi = {10.58079/nmg9},
  url = {https://digigloses.hypotheses.org/1361},
  urldate = {2024-04-08},
  langid = {french}
}

@inproceedings{lakshmananInteroperabilityXMLData2003,
  title = {Interoperability on {{XML Data}}},
  booktitle = {The {{Semantic Web}} - {{ISWC}} 2003},
  author = {Lakshmanan, Laks V. S. and Sadri, Fereidoon},
  editor = {Fensel, Dieter and Sycara, Katia and Mylopoulos, John},
  year = {2003},
  pages = {146--163},
  publisher = {Springer},
  address = {Berlin, Heidelberg},
  doi = {10.1007/978-3-540-39718-2_10},
  abstract = {We study the problem of interoperability among XML data sources. We propose a lightweight infrastructure for this purpose that derives its inspiration from the recent semantic web initiative. Our approach is based on enriching local sources with semantic declarations so as to enable interoperability. These declarations expose the semantics of the information content of sources by mapping the concepts present therein to a common (application specific) vocabulary, in the spirit of RDF. In addition to this infrastructure, we discuss tools that may assist in generating semantic declarations, and formulation of global queries and address some interesting issues in query processing and optimization.},
  isbn = {978-3-540-39718-2},
  langid = {english},
  keywords = {Global Schema,Local Query,Query Optimization,Query Processing,Resource Description Framework},
  file = {/home/port-pret-etu01/snap/zotero-snap/common/Zotero/storage/6S858K25/Lakshmanan et Sadri - 2003 - Interoperability on XML Data.pdf}
}

@article{lasolleActesJourneesHumanites2022,
  title = {{Actes des journées humanités numériques et Web sémantique}},
  author = {Lasolle, Nicolas and Bruneau, Olivier and Lieber, Jean and Beretta, Francesco and Bourel, Lucas and Charles, William and Hernandez, Nathalie and {Aussenac-Gilles}, Nathalie and Gay, Victor and Poublanc, Sébastien and Bunout, Estelle and {d'Aquin}, Mahieu and Ducloy, Jacques and Daunois, Thierry and Turcan, Isabelle and Ferri, Fabien and Annebi, Tom and Rollet, Laurent and Marlet, Olivier and Rodier, Xavier and Raemy, Julien A.},
  year = {2022},
  month = jun,
  publisher = {[object Object]},
  doi = {10.5281/ZENODO.7014340},
  url = {https://zenodo.org/record/7014340},
  urldate = {2024-03-27},
  abstract = {Given the challenge posed by the giant knowledge graph established by big economic actors, that could virtually replace research in Humanities and Social Sciences (HSS) in order to respond to the public’s concerns, the question arises as to how to enhance the value of research data through their publication and interconnection, in application of the FAIR principles. Both an epistemological and a semantic analysis show that the most relevant part of research data is factual information understood as a representation of the objects observed by the scientific disciplines, their properties and their relationships. This rich universe of information becomes comprehensible, and therefore reusable, through the application of foundational ontologies and a methodology based on the distinction between different levels of abstraction allowing the collective development of one or more shared and reusable domain ontologies. This vision will be built around the CIDOC CRM and the Semantic Data for Humanities and Social Sciences (SDHSS) high-level extension, as well as an ecosystem of published sub-domain extensions that can be easily managed through the ontome.net application. This will result in an interoperability that is semantically richer than the simple “technical” alignment of ontologies and less costly in terms of resources, and above all adapted to the scientific and humanistic project of the HSS.},
  copyright = {Creative Commons Attribution 4.0 International, Open Access},
  langid = {french},
  keywords = {Connaissance,Histoire,Humanités numériques,Informatique,Ontologie,Raisonnement,Web sémantique},
  file = {/home/port-pret-etu01/snap/zotero-snap/common/Zotero/storage/G8SZB4RD/Lasolle et al. - 2022 - Actes des journées humanités numériques et Web sém.pdf}
}

@article{leeSchemaConversionMethods,
  title = {Schema {{Conversion Methods}} between {{XML}} and {{Relational Models}}},
  author = {Lee, Dongwon and Mani, Murali and Chu, Wesley W},
  abstract = {In this chapter, three semantics-based schema conversion methods are presented: 1) CPI converts an XML schema to a relational schema while preserving semantic constraints of the original XML schema, 2) NeT derives a nested structured XML schema from a flat relational schema by repeatedly applying the nest operator so that the resulting XML schema becomes hierarchical, and 3) CoT takes a relational schema as input, where multiple tables are interconnected through inclusion dependencies and generates an equivalent XML schema as output.},
  langid = {english},
  file = {/home/port-pret-etu01/snap/zotero-snap/common/Zotero/storage/U9DKYKMZ/Lee et al. - Schema Conversion Methods between XML and Relation.pdf}
}

@incollection{legoffPourquoiXIIIeSiecle1994,
  title = {Pourquoi le {{XIIIe}} siècle a-t-il été plus particulièrement un siècle d'encyclopédisme?},
  booktitle = {L'enciclopedismo medievale},
  author = {Le Goff, Jacques},
  year = {1994},
  pages = {23--40}
}

@misc{LessonDirectoryProgramming,
  title = {Lesson {{Directory}} | {{Programming Historian}}},
  url = {https://programminghistorian.org/en/lessons/?topic=lod},
  urldate = {2024-03-27},
  file = {/home/port-pret-etu01/snap/zotero-snap/common/Zotero/storage/QPQBWWFE/lessons.html}
}

@inproceedings{liSchemaMappingInteroperability2003,
  title = {Schema {{Mapping}} for {{Interoperability}} in {{XML-based}} multidatabase},
  booktitle = {14th {{International Workshop}} on {{Database}} and {{Expert Systems Applications}}, 2003. {{Proceedings}}.},
  author = {Li, Ruixuan and Lu, Zhengding and Xiao, Weijun and Li, Bing and Wu, Wei},
  year = {2003},
  month = sep,
  pages = {235--240},
  issn = {1529-4188},
  doi = {10.1109/DEXA.2003.1232029},
  url = {https://ieeexplore.ieee.org/document/1232029},
  urldate = {2024-03-27},
  abstract = {The main aim of a multidatabase system (MDBS) is to achieve data integration and interoperability among distributed and heterogeneous database systems. But data model heterogeneity and schema make this a challenging task. Multidatabase users can only view the global schemas whose real data come from local database systems. Thus, mappings from global schemas to local schemas should be established. At the same time, the recent emergence of XML has shown great intractability as a new standard for data representation and exchange on the Web. A data model based on XML becomes more suitable for integrating different types of systems. This paper firstly introduces a multidatabase common data model based on XML, named XML-based Integration Model (XIDM). Then, an approach of schema mappings based on XIDM in MDBSs has been presented. Finally, the illustration and implementation of schema mappings in a multidatabase prototype - Panorama are also discussed.},
  keywords = {Algebra,Computer science,Data models,Database languages,Database systems,Educational institutions,Object oriented modeling,Prototypes,Relational databases,XML}
}

@article{macrezInteroperabilitePrincipeIncontournable2017,
  title = {L'interopérabilité, principe incontournable des libertés numériques},
  author = {Macrez, Franck and Duflot, Frédéric},
  year = {2017},
  month = oct,
  journal = {Propriétés intellectuelles},
  number = {65},
  pages = {41--48},
  publisher = {Transactive [2001-2016] - Institut de recherche en propriété intellectuelle Henri Desbois (IRPI), Université Paris Panthéon-Assas [Paris II] [2017-....]},
  url = {https://hal.science/hal-04105668},
  urldate = {2024-04-11},
  abstract = {La question de l’interopérabilité est consubstantielle au développement de l’informatique. Pourtant, outil essentiel des libertés numérique et d’un principe de libre circulation appliqué aux données, elle est le pivot d’un développement durable du marché du numérique. Faute de travaux systémiques adaptés, son appréhension par le droit positif paraît encore malaisée. Les auteurs reviennent ainsi sur l’effectivité d’une reconnaissance effective de l’interopérabilité qui implique nécessairement une démarche globale, son articulation avec l’acquis et la prise en compte les caractéristiques intrinsèques des espaces numériques.},
  file = {/home/port-pret-etu01/snap/zotero-snap/common/Zotero/storage/3Y6UG85Z/Macrez et Duflot - 2017 - L'interopérabilité, principe incontournable des li.pdf}
}

@article{macrezInteroperabilitePrincipeIncontournable2017b,
  title = {L'interopérabilité, principe incontournable des libertés numériques},
  author = {Macrez, Franck and Duflot, Frédéric},
  year = {2017},
  month = oct,
  journal = {Propriétés intellectuelles},
  number = {65},
  pages = {41--48},
  publisher = {Transactive [2001-2016] - Institut de recherche en propriété intellectuelle Henri Desbois (IRPI), Université Paris Panthéon-Assas [Paris II] [2017-....]},
  url = {https://hal.science/hal-04105668},
  urldate = {2024-04-11},
  abstract = {La question de l’interopérabilité est consubstantielle au développement de l’informatique. Pourtant, outil essentiel des libertés numérique et d’un principe de libre circulation appliqué aux données, elle est le pivot d’un développement durable du marché du numérique. Faute de travaux systémiques adaptés, son appréhension par le droit positif paraît encore malaisée. Les auteurs reviennent ainsi sur l’effectivité d’une reconnaissance effective de l’interopérabilité qui implique nécessairement une démarche globale, son articulation avec l’acquis et la prise en compte les caractéristiques intrinsèques des espaces numériques.},
  file = {/home/port-pret-etu01/snap/zotero-snap/common/Zotero/storage/2TQ66S6A/Macrez et Duflot - 2017 - L'interopérabilité, principe incontournable des li.pdf}
}

@book{mascretanneEnseignementSuperieurRecherche2015,
  title = {{Enseignement supérieur et recherche en France: une ambition d'excellence}},
  shorttitle = {{Enseignement supérieur et recherche en France}},
  author = {{Mascret Anne}},
  year = {2015},
  publisher = {La documentation Française},
  address = {Paris},
  abstract = {La publication du premier « classement de Shanghai », en 2003, a créé un véritable choc dans l’enseignement supérieur et la recherche (ESR) français : on y apprenait en effet, avec une stupéfaction et une incrédulité mêlées, que seuls deux établissements hexagonaux figuraient dans le top 100 des « meilleures » universités mondiales, dominé par les grandes universités de recherche anglo-saxonnes. Depuis lors, les gouvernements successifs se sont employés à promouvoir l’« excellence » au sein de l’ESR français, en vue de se doter d’établissements capables de participer à la compétition mondiale. Cet objectif se traduit par une série de mesures concrètes allant de la réforme de la gouvernance des établissements d’enseignement supérieur à leur regroupement en vue d’atteindre une taille critique, en passant par le développement du financement compétitif de la recherche ou encore de la culture d’évaluation. L’ensemble de ces dispositifs est clairement décrit dans cet ouvrage très à jour qui intéressera les principaux concernés (enseignants-chercheurs, étudiants…) mais aussi les responsables politiques et économiques et tous ceux préoccupés par l’évolution de ce secteur fondamental pour l’avenir de la France. [Source : d'après la 4e de couverture]},
  langid = {fre},
  keywords = {1990-,Enseignement supérieur,France,Politique publique,Recherche}
}

@incollection{merono-penuelaCLARIAHEnablingInteroperability2020,
  title = {{{CLARIAH}}: {{Enabling Interoperability Between Humanities Disciplines}} with {{Ontologies}}},
  shorttitle = {{{CLARIAH}}},
  booktitle = {Studies on the {{Semantic Web}}},
  author = {{Meroño-Peñuela}, Albert and De Boer, Victor and Van Erp, Marieke and Zijdeman, Richard and Mourits, Rick and Melder, Willem and Rijpma, Auke and Schalk, Ruben},
  editor = {Cota, Giuseppe and Daquino, Marilena and Pozzato, Gian Luca},
  year = {2020},
  month = nov,
  publisher = {IOS Press},
  doi = {10.3233/SSW200036},
  url = {http://ebooks.iospress.nl/doi/10.3233/SSW200036},
  urldate = {2024-03-27},
  abstract = {One of the most important goals of digital humanities is to provide researchers with data and tools for new research questions, either by increasing the scale of scholarly studies, linking existing databases, or improving the accessibility of data. Here, the FAIR principles provide a useful framework. Integrating data from diverse humanities domains is not trivial, research questions such as “was economic wealth equally distributed in the 18th century?”, or “what are narratives constructed around disruptive media events?”) and preparation phases (e.g. data collection, knowledge organisation, cleaning) of scholars need to be taken into account. In this chapter, we describe the ontologies and tools developed and integrated in the Dutch national project CLARIAH to address these issues across datasets from three fundamental domains or “pillars” of the humanities (linguistics, social and economic history, and media studies) that have paradigmatic data representations (textual corpora, structured data, and multimedia). We summarise the lessons learnt from using such ontologies and tools in these domains from a generalisation and reusability perspective.},
  isbn = {978-1-64368-142-9 978-1-64368-143-6},
  langid = {english},
  file = {/home/port-pret-etu01/snap/zotero-snap/common/Zotero/storage/WT6XLP6T/Meroño-Peñuela et al. - 2020 - CLARIAH Enabling Interoperability Between Humanit.pdf}
}

@book{merono-penuelaOntologiesCLARIAHInteroperability2020,
  title = {Ontologies in {{CLARIAH}}: {{Towards Interoperability}} in {{History}}, {{Language}} and {{Media}}},
  shorttitle = {Ontologies in {{CLARIAH}}},
  author = {{Meroño-Peñuela}, Albert and Boer, Victor and Erp, Marieke and Melder, Willem and Mourits, Rick and Rijpma, Auke and Schalk, Ruben and Zijdeman, Richard},
  year = {2020},
  month = apr,
  abstract = {One of the most important goals of digital humanities is to provide researchers with data and tools for new research questions, either by increasing the scale of scholarly studies, linking existing databases, or improving the accessibility of data. Here, the FAIR principles provide a useful framework as these state that data needs to be: Findable, as they are often scattered among various sources; Accessible, since some might be offline or behind paywalls; Interoperable, thus using standard knowledge representation formats and shared vocabularies; and Reusable, through adequate licensing and permissions. Integrating data from diverse humanities domains is not trivial, research questions such as "was economic wealth equally distributed in the 18th century?", or "what are narratives constructed around disruptive media events?") and preparation phases (e.g. data collection, knowledge organisation, cleaning) of scholars need to be taken into account. In this chapter, we describe the ontologies and tools developed and integrated in the Dutch national project CLARIAH to address these issues across datasets from three fundamental domains or "pillars" of the humanities (linguistics, social and economic history, and media studies) that have paradigmatic data representations (textual corpora, structured data, and multimedia). We summarise the lessons learnt from using such ontologies and tools in these domains from a generalisation and reusability perspective.},
  file = {/home/port-pret-etu01/snap/zotero-snap/common/Zotero/storage/V8E374YT/Meroño-Peñuela et al. - 2020 - Ontologies in CLARIAH Towards Interoperability in.pdf}
}

@article{moyanoSemanticInteroperabilityCultural2023,
  title = {Semantic interoperability for cultural heritage conservation: {{Workflow}} from ontologies to a tool for managing and sharing data},
  shorttitle = {Semantic interoperability for cultural heritage conservation},
  author = {Moyano, Juan and Pili, Alessandra and {Nieto-Julián}, Juan E. and Della Torre, Stefano and Bruno, Silvana},
  year = {2023},
  month = dec,
  journal = {Journal of Building Engineering},
  volume = {80},
  pages = {107965},
  issn = {2352-7102},
  doi = {10.1016/j.jobe.2023.107965},
  url = {https://www.sciencedirect.com/science/article/pii/S2352710223021459},
  urldate = {2024-03-27},
  abstract = {The benefits of using BIM in the construction sector are now widely recognised. From this awareness comes the aspiration to have the same advantages for the Cultural Heritage (CH) sector, to obtain more sustainability in the process. Indeed, research in recent years has been orientated in this direction. Attempts to use BIM tools to CH have shown the limits of the ability to correctly represent and transmit information, especially on cultural value and conservation activities, and on the presence of available objects, due to the lack of specific content in IFC, which means a lack of interoperability. The provision of ontologies is necessary to allow interoperability. Ontologies permit the conceptualization of a representative model of reality by defining classes, attributes, and relationships that describe a domain. The research experiments and proposes a flowchart to connect a specific ontological model for Cultural Heritage in a BIM environment. Using Free and Open-Source Software (FOSS), it is possible to modify, improve, and adapt the functions according to the specific needs of users. In addition, this paper analyses the interconnectivity among three software in the BIM environment: FreeCAD, ArchiCAD and Revit, and the steps for an exchange of information between the geometric model and its semantic properties are established. The decorated umbrella vault of Masegra Castle in Sondrio was selected as a case study to show the application of the method and your tool.},
  keywords = {BIM,Cultural heritage,Cultural value,Data interchange,Free and open-source software,IFC,Interoperability,Ontology,Preventive and planned conservation,Sustainable process},
  file = {/home/port-pret-etu01/snap/zotero-snap/common/Zotero/storage/CTGXGP79/Moyano et al. - 2023 - Semantic interoperability for cultural heritage co.pdf}
}

@misc{nguyenUnderstandingConnectionDatabases2023,
  title = {Understanding the {{Connection Between Databases}} and {{APIs}}},
  author = {Nguyen, Spencer},
  year = {2023},
  month = dec,
  url = {https://blog.dreamfactory.com/understanding-the-connection-between-databases-and-apis/},
  urldate = {2024-03-27},
  abstract = {Explore the vital connection between databases and APIs, their roles in data management, and how they work together to enhance business processes.},
  langid = {american}
}

@book{nurmikko-fullerLinkedDataDigital2023,
  title = {{Linked Data for Digital Humanities}},
  author = {{Nurmikko-Fuller}, Terhi},
  year = {2023},
  month = aug,
  publisher = {Routledge},
  address = {London ; New York, NY},
  abstract = {Linked Data for Digital Humanities provides insights into how digital technologies can enrich and diversify humanities scholarship and make it pioneering in the digital age.Written in non-specialist language, the book illustrates how information is captured, published, represented, accessed, and interpreted using computational systems and, in doing so, shows how technologies actively shape the way we understand what we encounter. Focusing as it does on underlying Web architecture and projects accessible online, the book has an inherently international focus. The interdisciplinary case study examples include bibliographic data from works published in England between 1470 and 1700; literature from ancient Iraq; jazz performances, predominantly from the USA in the 1930s; and even reach as far as an alien, fictional future. Whilst these case study examples span vast spatio-temporal distances, they all share a common thread in the use of the Linked Data information publication paradigm. Using existing computer science methods, as well as processes such as ontology development and database design, the book also includes reflections on practical considerations and offers advice about how to take institutional policies, socio-cultural sensitivities, and economic models into consideration when implementing Linked Data projects.Linked Data for Digital Humanities discusses technological issues in the context of Humanities scholarship, bridging disciplines and enabling informed conversations across disciplinary boundaries. It will be of interest to humanities scholars, computer and data scientists, and library and information scientists.},
  isbn = {978-1-03-205515-2},
  langid = {Anglais}
}

@book{nurmikko-fullerLinkedDataDigital2023a,
  title = {{Linked Data for Digital Humanities}},
  author = {{Nurmikko-Fuller}, Terhi},
  year = {2023},
  month = aug,
  publisher = {Routledge},
  address = {London ; New York, NY},
  abstract = {Linked Open Data for Digital Humanities provides insights into how digital technologies can enrich and diversify humanities scholarship and make it pioneering in the digital age.},
  isbn = {978-1-03-205515-2},
  langid = {Anglais}
}

@article{oparaScalabilityInteroperabilityMovement2015,
  title = {Scalability, {{Interoperability}} and {{Movement}} of {{Data}} on the {{Web Using XML Technology}}},
  author = {Opara, Emmanuel and Gupta, Omprakash},
  year = {2015},
  month = feb,
  journal = {Communications of the IIMA},
  volume = {4},
  number = {4},
  issn = {1941-6687},
  doi = {10.58729/1941-6687.1348},
  url = {https://scholarworks.lib.csusb.edu/ciima/vol4/iss4/7},
  urldate = {2024-03-27},
  abstract = {Today's economy pulses with electronic vibrancy, extensible Markup Language (XML) has prompted individuals and organizations to discover new and creative ways of enhancing existing technologies and creating new ones. This study investigates emerging XML-related technologies that cover abroad range of industries and their organizational systems. XML provides access to a plethora of technologies for manipulating, structuring, transforming and querying data.},
  langid = {english},
  file = {/home/port-pret-etu01/snap/zotero-snap/common/Zotero/storage/UF52IZI2/Opara et Gupta - 2015 - Scalability, Interoperability and Movement of Data.pdf}
}

@misc{oriflammsSpecificationFormatXMLTEI2016,
  type = {{Billet}},
  title = {{Spécification du format XML-TEI pour l’alignement texte-image. 2. Bonnes pratiques d’encodage}},
  author = {Oriflamms, Consortium},
  year = {2016},
  month = sep,
  journal = {Écriture médiévale \& numérique},
  doi = {10.58079/skye},
  url = {https://oriflamms.hypotheses.org/1510},
  urldate = {2024-06-05},
  abstract = {Table des matières 1 Objet du présent document 2 Principes ~~~~2.1 Structure générale des documents ~~~~2.2 Format des transcriptions alignable au niveau de mot {$<$}text{$>$} 3 Éléments de mise en page (page, colonne, ligne) ~~~~3.1 Surfaces ~~~~3.2 Pages ~~~~3.3 Colonnes ~~~~3.4 Lignes ~~~~3.5 Rejets ~~~~3.6 Réclames ~~~~3.7 Titres courants ~~~~3.8 Autres éléments péritextuels (en-tête, pied … Continuer la lecture de Spécification du format XML-TEI pour l’alignement texte-image. 2. Bonnes pratiques d’encodage  →},
  langid = {french},
  file = {/home/port-pret-etu01/snap/zotero-snap/common/Zotero/storage/97TWDFSQ/1510.html}
}

@phdthesis{pierotHumanitesNumeriquesOrganisation2019,
  type = {These de doctorat},
  title = {Humanités numériques et organisation des connaissances : proposition d'un modèle d'interopérabilité entre les communautés épistémiques},
  shorttitle = {Humanités numériques et organisation des connaissances},
  author = {Pierot, Edwige},
  year = {2019},
  month = dec,
  url = {https://theses.fr/2019AIXM0600},
  urldate = {2024-03-27},
  abstract = {Nos travaux de recherche doctorale s’inscrivent dans le cadre de référence que constituent la « société de l’information » et « l’économie de la connaissance ». Elles composent un paradigme de développement économique, technologique, politique et culturel qui suspend sa réussite au déploiement des activités info-communicationnelles des membres de cette société. Alors que ces activités requièrent l’usage de bibliothèques numériques qui contribuent à la circulation des connaissances dans l’environnement en réseaux du web, nous avons observé les conditions dans lesquelles ces dispositifs sociotechniques rendent possible la mise en œuvre de processus info-communicationnels qui soient en adéquation avec les besoins informationnels d’usagers dotés de profils hétérogènes. L’étude de ces publics au prisme d’une typologie de communautés a permis de souligner que les processus info-communicationnels et les systèmes d’organisation des connaissances instrumentés participent du développement de communautés épistémiques et qu’ils contribuent à la création des biens communs informationnels. Ces derniers nous invitent à explorer les conditions dans lesquelles une intelligence collective est possible. Après avoir identifié les composants nécessaires à l’intelligence collective dans l’environnement informationnel du web, nous en proposons une instanciation sous la forme d’un modèle dédié à l’interopérabilité entre les communautés épistémiques.},
  collaborator = {Papy, Fabrice},
  copyright = {Licence Etalab},
  school = {Aix-Marseille},
  keywords = {Autonomisation,Biens collectifs,Collective intelligence,Communauté épistémique,Cultural and semantic interoperability,Culture de l'information,Digital Humanities,Échange de savoirs,Empowerment,Epistemic community,Gestion des connaissances,Humanités numériques,Information society,Intelligence collective,Interopérabilité culturelle et sémantique,Knowledge Organization,Organisation des Connaissances,Société de l’Information,Société numérique}
}

@misc{PoleNumerique,
  title = {{Le Pôle numérique}},
  journal = {IRHT - CNRS},
  url = {https://www.irht.cnrs.fr/fr/qui-sommes-nous/l-organisation-de-l-irht/pole-numerique},
  urldate = {2024-07-26},
  abstract = {Le Pôle numérique soutient l’activité du laboratoire au niveau national et international, en s’investissant dans les volets de la documentation et de la recherche.},
  langid = {french},
  file = {/home/port-pret-etu01/snap/zotero-snap/common/Zotero/storage/Z39TP2AS/pole-numerique.html}
}

@article{polodebeaulieuGrilleSaisieThEMA2005,
  title = {{La grille de saisie de ThEMA : genèse et évolutions}},
  shorttitle = {{La grille de saisie de ThEMA}},
  author = {{Polo de~Beaulieu}, Marie Anne and Collomb, Pascal},
  year = {2005},
  month = jan,
  journal = {Les Cahiers du Centre de Recherches Historiques. Archives},
  number = {35},
  publisher = {Centre de Recherches Historiques},
  issn = {0990-9141},
  doi = {10.4000/ccrh.3012},
  url = {https://journals.openedition.org/ccrh/3012},
  urldate = {2024-04-11},
  copyright = {All rights reserved},
  langid = {french},
  file = {/home/port-pret-etu01/snap/zotero-snap/common/Zotero/storage/EH7HG68F/Polo de Beaulieu et Collomb - 2005 - La grille de saisie de ThEMA  genèse et évolution.pdf}
}

@misc{PortailBiblissima,
  title = {{Portail Biblissima}},
  journal = {IRHT - CNRS},
  url = {https://www.irht.cnrs.fr/fr/ressources/sites-web-outils-corpus/biblissima},
  urldate = {2024-07-29},
  langid = {french},
  file = {/home/port-pret-etu01/snap/zotero-snap/common/Zotero/storage/QIAKBWHN/biblissima.html}
}

@incollection{prime-claverieDefiInteroperabiliteEntre2014,
  title = {Le défi de l’interopérabilité entre plates-formes pour la construction de savoirs augmentés en sciences humaines et sociales},
  booktitle = {Ecrilecture augmentée dans les communautés scientifiques},
  author = {{Prime-Claverie}, Camille and Mahé, Annaig},
  year = {2014},
  pages = {107--122},
  publisher = {ISTE Editions},
  address = {Londres}
}

@misc{redactionIRHTAuFil2015,
  type = {{Billet}},
  title = {{L’IRHT, au fil des ans}},
  author = {Rédaction},
  year = {2015},
  month = dec,
  journal = {Les carnets de l'IRHT},
  issn = {2493-4399},
  doi = {10.58079/qhxe},
  url = {https://irht.hypotheses.org/1293},
  urldate = {2024-07-26},
  abstract = {Louis HOLTZ (25 janvier 2007) Il y a quelque chose d’héroïque au sens plein du terme dans la fondation de l’Institut de recherche et d’histoire des textes (notre IRHT) dans les années qui aboutissent...},
  langid = {french},
  file = {/home/port-pret-etu01/snap/zotero-snap/common/Zotero/storage/NKK975IF/1293.html}
}

@article{rehrThesaurusExemplorumMedii2021a,
  title = {{Thesaurus Exemplorum Medii Aevi : une base de données collaborative sur les exempla médiévaux}},
  shorttitle = {{Thesaurus Exemplorum Medii Aevi}},
  author = {Rehr, Jean-Paul and de Beaulieu, Marie-Anne Polo},
  year = {2021},
  month = dec,
  journal = {Humanités numériques},
  number = {4},
  publisher = {Humanistica},
  issn = {2736-2337},
  doi = {10.4000/revuehn.2630},
  url = {https://journals.openedition.org/revuehn/2630},
  urldate = {2024-04-05},
  copyright = {https://creativecommons.org/licenses/by/4.0/},
  langid = {french},
  keywords = {base de données,histoire médiévale,littérature,sciences des religions,TEI},
  file = {/home/port-pret-etu01/snap/zotero-snap/common/Zotero/storage/996W332H/Rehr et Beaulieu - 2021 - Thesaurus Exemplorum Medii Aevi  une base de donn.pdf}
}

@misc{rutherfordTechSupportCorner,
  title = {Tech {{Support Corner}}: {{Sharing XML File Data With Other Systems}}},
  shorttitle = {Tech {{Support Corner}}},
  author = {Rutherford, Kevin},
  url = {https://blog.softwaretoolbox.com/integrating-xml-data-with-other-systems-overview},
  urldate = {2024-03-27},
  abstract = {Learn about multiple ways to integrate XML data with a variety of other systems depending on which systems are involved and your desired end goal.},
  langid = {american}
}

@article{seligmanImpactXMLDatabases,
  title = {The {{Impact}} of {{XML}} on {{Databases}} and {{Data Sharing}}},
  author = {Seligman, Len and Rosenthal, Arnon},
  abstract = {The Extensible Markup Language (XML) is receiving much attention as a likely successor to HTML for expressing much of the Web’s content. In addition, XML can benefit databases and data sharing by providing a common format in which to express data structure and content. But like many new technologies, XML has raised unrealistic expectations. We give a brief overview of XML and offer opinions to help separate the benefits from the hype. In some areas, XML promises to provide significant and revolutionary improvements, such as by increasing the availability of database outputs across diverse types of systems, and by extending data management to include semi-structured data.},
  langid = {english},
  file = {/home/port-pret-etu01/snap/zotero-snap/common/Zotero/storage/BPHPDPPF/Seligman et Rosenthal - The Impact of XML on Databases and Data Sharing.pdf}
}

@article{SemanticInteroperability2024,
  title = {Semantic interoperability},
  year = {2024},
  month = jan,
  journal = {Wikipedia},
  url = {https://en.wikipedia.org/w/index.php?title=Semantic_interoperability&oldid=1199864205},
  urldate = {2024-03-27},
  abstract = {Semantic interoperability is the ability of computer systems to exchange data with unambiguous, shared meaning. Semantic interoperability is a requirement to enable machine computable logic, inferencing, knowledge discovery, and data federation between information systems.Semantic interoperability is therefore concerned not just with the packaging of data (syntax), but the simultaneous transmission of the meaning with the data (semantics). This is accomplished by adding data about the data (metadata), linking each data element to a controlled, shared vocabulary. The meaning of the data is transmitted with the data itself, in one self-describing "information package" that is independent of any information system. It is this shared vocabulary, and its associated links to an ontology, which provides the foundation and capability of machine interpretation, inference, and logic. Syntactic interoperability (see below) is a prerequisite for semantic interoperability. Syntactic interoperability refers to the packaging and transmission mechanisms for data. In healthcare, HL7 has been in use for over thirty years (which predates the internet and web technology), and uses the pipe character (|) as a data delimiter. The current internet standard for document markup is XML, which uses "{$<$} {$>$}" as a data delimiter. The data delimiters convey no meaning to the data other than to structure the data. Without a data dictionary to translate the contents of the delimiters, the data remains meaningless. While there are many attempts at creating data dictionaries and information models to associate with these data packaging mechanisms, none have been practical to implement. This has only perpetuated the ongoing "babelization" of data and inability to exchange data with meaning. Since the introduction of the Semantic Web concept by Tim Berners-Lee in 1999, there has been growing interest and application of the W3C (World Wide Web Consortium) standards to provide web-scale semantic data exchange, federation, and inferencing capabilities.},
  copyright = {Creative Commons Attribution-ShareAlike License},
  langid = {english},
  annotation = {Page Version ID: 1199864205},
  file = {/home/port-pret-etu01/snap/zotero-snap/common/Zotero/storage/J2GSKUAZ/Semantic_interoperability.html}
}

@misc{SolvedHowConnect,
  title = {[{{Solved}}] {{How}} to {{Connect}} two {{Database}} in {{SQL}} ? - {{CodeProject}}},
  url = {https://www.codeproject.com/Questions/879669/How-to-Connect-two-Database-in-SQL},
  urldate = {2024-03-27}
}

@misc{SourcEncyMe,
  title = {{{SourcEncyMe}}},
  url = {http://sourcencyme.irht.cnrs.fr/},
  urldate = {2024-07-29},
  file = {/home/port-pret-etu01/snap/zotero-snap/common/Zotero/storage/MFJASTBG/sourcencyme.irht.cnrs.fr.html}
}

@misc{ThEMA,
  title = {{{ThEMA}}},
  url = {https://thema.huma-num.fr/},
  urldate = {2024-07-29},
  file = {/home/port-pret-etu01/snap/zotero-snap/common/Zotero/storage/6D8K49ZN/thema.huma-num.fr.html}
}

@article{thierryJeanPhilippeGenetAndrea2014a,
  title = {Jean-{{Philippe Genet}} et {{Andrea Zorzi}} (dir.), {{Les Historiens}} et l'informatique : un métier à réinventer},
  shorttitle = {Review of {{Les Historiens}} et l'informatique},
  author = {Thierry, Benjamin},
  year = {2014},
  journal = {Histoire, Économie et Société},
  volume = {33},
  number = {3},
  eprint = {24467721},
  eprinttype = {jstor},
  pages = {119--120},
  publisher = {Armand Colin},
  issn = {0752-5702},
  url = {https://www.jstor.org/stable/24467721},
  urldate = {2024-04-05},
  file = {/home/port-pret-etu01/snap/zotero-snap/common/Zotero/storage/L52VR62A/Thierry - 2014 - Review of Les Historiens et l'informatique  un mé.pdf}
}

@misc{Twitch,
  title = {{Twitch}},
  journal = {Twitch},
  url = {https://www.twitch.tv/flamuu},
  urldate = {2024-07-29},
  abstract = {Twitch is the world's leading video platform and community for gamers.},
  langid = {french},
  file = {/home/port-pret-etu01/snap/zotero-snap/common/Zotero/storage/PGHXJ9AY/flamuu.html}
}

@article{vergara-niedermayrSemanticallyInteroperableXml2013,
  title = {Semantically interoperable xml data},
  author = {{Vergara-Niedermayr}, Cristobal and Wang, Fusheng and Pan, Tony and Kurc, Tahsin and Saltz, Joel},
  year = {2013},
  month = sep,
  journal = {International Journal of Semantic Computing},
  volume = {07},
  number = {03},
  pages = {237--255},
  publisher = {World Scientific Publishing Co.},
  issn = {1793-351X},
  doi = {10.1142/S1793351X13500037},
  url = {https://www.worldscientific.com/doi/abs/10.1142/S1793351X13500037},
  urldate = {2024-03-27},
  abstract = {XML is ubiquitously used as an information exchange platform for web-based applications in healthcare, life sciences, and many other domains. Proliferating XML data are now managed through latest native XML database technologies. XML data sources conforming to common XML schemas could be shared and integrated with syntactic interoperability. Semantic interoperability can be achieved through semantic annotations of data models using common data elements linked to concepts from ontologies. In this paper, we present a framework and software system to support the development of semantic interoperable XML based data sources that can be shared through a Grid infrastructure. We also present our work on supporting semantic validated XML data through semantic annotations for XML Schema, semantic validation and semantic authoring of XML data. We demonstrate the use of the system for a biomedical database of medical image annotations and markups.},
  keywords = {Biomedical data management,data integration,semantic interoperability,XML database},
  file = {/home/port-pret-etu01/snap/zotero-snap/common/Zotero/storage/ADZXJXAC/Vergara-Niedermayr et al. - 2013 - Semantically interoperable xml data.pdf}
}

@misc{williamdassafmsftRESTAPISync2024,
  title = {{{REST API}}: {{Sync}} between multiple databases - {{Azure SQL Database}}},
  shorttitle = {{{REST API}}},
  author = {WilliamDAssafMSFT},
  year = {2024},
  month = mar,
  url = {https://learn.microsoft.com/en-us/azure/azure-sql/database/scripts/sql-data-sync-sync-data-between-sql-databases-rest-api?view=azuresql},
  urldate = {2024-03-27},
  abstract = {Use a REST API example script to sync between multiple databases.},
  langid = {american}
}

@inproceedings{wuInvestigationsXMLbasedData2012,
  title = {Investigations on {{XML-based Data Exchange}} between {{Heterogeneous Databases}}},
  booktitle = {2012 {{Ninth Web Information Systems}} and {{Applications Conference}}},
  author = {Wu, Mingli and Li, Yebai},
  year = {2012},
  month = nov,
  pages = {21--24},
  doi = {10.1109/WISA.2012.44},
  url = {https://ieeexplore.ieee.org/document/6385176},
  urldate = {2024-04-02},
  abstract = {With the growing of the Internet, lots of heterogeneous relational databases are built in distributed environment. Data exchange between these databases absorbs more attention of researchers and engineers nowadays than ever. As a well-formed makeup language, XML is suitable to store and transfer information. Therefore we investigate the data exchange method via XML in this paper. We analyze mapping techniques between XML schema and relational database. Then, an effective method for data exchange is described in detail. Finally we design and implement a data exchange system by Java and DOM interface technology. It works well in a real commercial web application.},
  keywords = {Data exchange,Data models,Distributed databases,Educational institutions,heterogenous database,Relational databases,Servers,XML}
}

@misc{xavier-laurentsalvadorToutComprendreHumanites2019,
  title = {Tout comprendre en {{Humanités}} numériques d'{{XML}} à l'interopérabilité des bases en 2 minutes},
  author = {{Xavier-Laurent SALVADOR}},
  year = {2019},
  month = jan,
  url = {https://www.youtube.com/watch?v=m6C7iI9QlgU},
  urldate = {2024-03-27},
  abstract = {Un petit clip réalisé pour comprendre en 2 minutes et 7 étapes la chaîne de traitement de la numérisation documentaire à la production de connaissances partagées via la chaîne de traitement XML/Xquery/REST}
}

@misc{XmlBasedInteroperability,
  title = {xml based interoperability: {{Topics}} by {{Science}}.gov},
  url = {https://www.science.gov/topicpages/x/xml+based+interoperability},
  urldate = {2024-03-27}
}
