@article{rehrThesaurusExemplorumMedii2021a,
  title = {{Thesaurus Exemplorum Medii Aevi : une base de données collaborative sur les exempla médiévaux}},
  shorttitle = {{Thesaurus Exemplorum Medii Aevi}},
  author = {Rehr, Jean-Paul and de Beaulieu, Marie-Anne Polo},
  year = {2021},
  journal = {Humanités numériques},
  volume = {4},
  number = {2},
  issn = {2736-2337},
  doi = {10.4000/revuehn.2630},
  url = {https://journals.openedition.org/revuehn/2630},
  urldate = {2024-04-05},
  copyright = {https://creativecommons.org/licenses/by/4.0/},
  langid = {french},
  keywords = {bibl},
  file = {/home/port-pret-etu01/snap/zotero-snap/common/Zotero/storage/996W332H/Rehr et Beaulieu - 2021 - Thesaurus Exemplorum Medii Aevi  une base de donn.pdf}
}

@article{thierryJeanPhilippeGenetAndrea2014a,
  title = {Jean-{{Philippe Genet}} et {{Andrea Zorzi}} (dir.), {{Les Historiens}} et l'informatique : un métier à réinventer},
  shorttitle = {Review of {{Les Historiens}} et l'informatique},
  author = {Thierry, Benjamin},
  year = {2014},
  journal = {Histoire, Économie et Société},
  volume = {33},
  number = {3},
  eprint = {24467721},
  eprinttype = {jstor},
  pages = {119--120},
  publisher = {Armand Colin},
  issn = {0752-5702},
  url = {https://www.jstor.org/stable/24467721},
  urldate = {2024-04-05},
  keywords = {bibl},
  file = {/home/port-pret-etu01/snap/zotero-snap/common/Zotero/storage/L52VR62A/Thierry - 2014 - Review of Les Historiens et l'informatique  un mé.pdf}
}

@article{burghartInformatisationThEMA2005,
  title = {{L’informatisation du ThEMA}},
  author = {Burghart, Marjorie},
  year = {2005},
  journal = {Les Cahiers du Centre de Recherches Historiques},
  volume = {35},
  issn = {0990-9141},
  doi = {10.4000/ccrh.3025},
  url = {https://journals.openedition.org/ccrh/3025},
  urldate = {2024-04-05},
  abstract = {La forme de l’informatisation du ThEMA fut liée aux choix d’un développement académique indépendant. Il s’agissait d’être maître de l’outil, en conservant la possibilité de faire évoluer librement la base, en toute autonomie~; il convenait aussi d’être maître des données, pour envisager diverses possibilités~: décliner le ThEMA sous différentes formes (CDRom~; papier)~; favoriser son intégration à d’autres projets (Thesaurus des sermons médiévaux, par exemple).  Le choix de l’autonomie passai...},
  copyright = {All rights reserved},
  langid = {french},
  keywords = {bibl},
  file = {/home/port-pret-etu01/snap/zotero-snap/common/Zotero/storage/DL2JVCGR/Burghart - 2005 - L’informatisation du ThEMA.pdf}
}

@misc{kuhryQuelsTraitementsNumeriques2022,
  title = {{Quels traitements numériques pour les corpus encyclopédiques ? Les projets \emph{SourcEncyMe} et \emph{Mythologia} en dialogue (retour sur la séance du séminaire « Les p’tits déj’ ‘Humanités numériques’ de l’IRHT », 14/01/22)}},
  shorttitle = {{Quels traitements numériques pour les corpus encyclopédiques ?}},
  author = {Kuhry, Emmanuelle},
  year = {2022},
  journal = {Gloses philosophiques à l’ère digitale},
  issn = {2646-0645},
  doi = {10.58079/nmg9},
  url = {https://digigloses.hypotheses.org/1361},
  urldate = {2024-04-08},
  langid = {french},
  keywords = {bibl}
}

@incollection{draelantsEncyclopediesMedievalesMilieu2022,
  title = {{Encyclopédies médiévales en milieu numérique: Les nouveaux enjeux de SourcEncyMe pour le traitement des auctoritates}},
  shorttitle = {{Encyclopédies médiévales en milieu numérique}},
  booktitle = {{Dix ans de corpus d'auteurs}},
  author = {Draelants, Isabelle and Kuhry, Emmanuelle},
  editor = {Idmhand, Fatiha and {Marasescu-Galleron}, Ioana},
  year = {2022},
  month = jul,
  edition = {éditions des archives contemporaines},
  pages = {155--178},
  publisher = {Editions des archives contemporaines},
  address = {Paris},
  doi = {10.17184/eac.5479},
  url = {https://eac.ac/articles/5479},
  urldate = {2024-04-08},
  isbn = {978-2-8130-0435-2},
  langid = {french},
  keywords = {bibl},
  file = {/home/port-pret-etu01/snap/zotero-snap/common/Zotero/storage/DY4E6EMW/Draelants et Kuhry - 2022 - Encyclopédies médiévales en milieu numérique Les .pdf}
}

@incollection{legoffPourquoiXIIIeSiecle1994,
  title = {Pourquoi le {{XIIIe}} siècle a-t-il été plus particulièrement un siècle d'encyclopédisme?},
  booktitle = {L'enciclopedismo medievale},
  author = {Le Goff, Jacques},
  editor = {Picone, Michelangelo},
  year = {1994},
  pages = {23--40},
  publisher = {Longo},
  address = {Ravenna},
  keywords = {bibl}
}

@incollection{berliozRecueilsExemplaDiffusion1994,
  title = {Les recueils d'exempla et la diffusion de l'encyclopédisme médiéval},
  booktitle = {L'enciclopedismo medievale},
  author = {Berlioz, Jacques and {Polo de Beaulieu}, Marie-Anne},
  editor = {Picone, Michelangelo},
  year = {1994},
  pages = {179--212},
  publisher = {Longo},
  address = {Ravenna},
  keywords = {bibl},
  file = {/home/port-pret-etu01/snap/zotero-snap/common/Zotero/storage/LTJQY8K4/anzeige.html}
}

@book{burnardQuEstceQue2015,
  title = {{Qu’est-ce que la Text Encoding Initiative~?}},
  author = {Burnard, Lou},
  year = {2015},
  journal = {Qu’est-ce que la Text Encoding Initiative~?},
  publisher = {OpenEdition Press},
  address = {Marseille},
  url = {https://books.openedition.org/oep/1237},
  urldate = {2024-04-11},
  copyright = {https://creativecommons.org/licenses/by-nc-nd/4.0/},
  isbn = {978-2-8218-5581-6},
  langid = {french},
  keywords = {bibl}
}

@article{polodebeaulieuGrilleSaisieThEMA2005,
  title = {{La grille de saisie de ThEMA : genèse et évolutions}},
  shorttitle = {{La grille de saisie de ThEMA}},
  author = {{Polo de~Beaulieu}, Marie Anne and Collomb, Pascal},
  year = {2005},
  month = jan,
  journal = {Les Cahiers du Centre de Recherches Historiques. Archives},
  number = {35},
  publisher = {Centre de Recherches Historiques},
  issn = {0990-9141},
  doi = {10.4000/ccrh.3012},
  url = {https://journals.openedition.org/ccrh/3012},
  urldate = {2024-04-11},
  copyright = {All rights reserved},
  langid = {french},
  keywords = {bibl},
  file = {/home/port-pret-etu01/snap/zotero-snap/common/Zotero/storage/EH7HG68F/Polo de Beaulieu et Collomb - 2005 - La grille de saisie de ThEMA  genèse et évolution.pdf}
}

@article{holtzInstitutRechercheHistoire2005,
  title = {{L’institut de recherche et d’histoire des textes (IRHT)}},
  author = {Holtz, Louis},
  year = {2005},
  journal = {Les Cahiers du Centre de Recherches Historiques},
  volume = {36},
  issn = {0990-9141},
  doi = {10.4000/ccrh.3046},
  url = {https://journals.openedition.org/ccrh/3046},
  urldate = {2024-04-11},
  abstract = {L’Institut de recherche et d’histoire des textes a largement bénéficié, je me fais un plaisir de le rappeler, de la bienveillance et de l’estime des fondateurs de l’École des hautes études en sciences sociales (EHESS). Jean Glénisson, qui a dirigé cette équipe du Centre national de recherche scientifique (CNRS) de 1965 à 1985, est un élève de Fernand Braudel, à qui du reste il a succédé dans son enseignement à Sâo Pauolo. Par ailleurs, des membres éminents de l’EHESS ont siégé dans le conseil...},
  copyright = {All rights reserved},
  langid = {french},
  keywords = {bibl},
  file = {/home/port-pret-etu01/snap/zotero-snap/common/Zotero/storage/AH483B65/Holtz - 2005 - L’institut de recherche et d’histoire des textes (.pdf}
}

@book{nurmikko-fullerLinkedDataDigital2023,
  title = {{Linked Data for Digital Humanities}},
  author = {{Nurmikko-Fuller}, Terhi},
  year = {2023},
  month = aug,
  publisher = {Routledge},
  address = {London},
  abstract = {Linked Data for Digital Humanities provides insights into how digital technologies can enrich and diversify humanities scholarship and make it pioneering in the digital age.Written in non-specialist language, the book illustrates how information is captured, published, represented, accessed, and interpreted using computational systems and, in doing so, shows how technologies actively shape the way we understand what we encounter. Focusing as it does on underlying Web architecture and projects accessible online, the book has an inherently international focus. The interdisciplinary case study examples include bibliographic data from works published in England between 1470 and 1700; literature from ancient Iraq; jazz performances, predominantly from the USA in the 1930s; and even reach as far as an alien, fictional future. Whilst these case study examples span vast spatio-temporal distances, they all share a common thread in the use of the Linked Data information publication paradigm. Using existing computer science methods, as well as processes such as ontology development and database design, the book also includes reflections on practical considerations and offers advice about how to take institutional policies, socio-cultural sensitivities, and economic models into consideration when implementing Linked Data projects.Linked Data for Digital Humanities discusses technological issues in the context of Humanities scholarship, bridging disciplines and enabling informed conversations across disciplinary boundaries. It will be of interest to humanities scholars, computer and data scientists, and library and information scientists.},
  isbn = {978-1-03-205515-2},
  langid = {Anglais},
  keywords = {bibl}
}

@incollection{prime-claverieDefiInteroperabiliteEntre2014,
  title = {Le défi de l’interopérabilité entre plates-formes pour la construction de savoirs augmentés en sciences humaines et sociales},
  booktitle = {Ecrilecture augmentée dans les communautés scientifiques},
  author = {{Prime-Claverie}, Camille and Mahé, Annaig},
  year = {2014},
  pages = {107--122},
  publisher = {ISTE Editions},
  address = {Londres},
  keywords = {bibl}
}

@article{macrezInteroperabilitePrincipeIncontournable2017b,
  title = {L'interopérabilité, principe incontournable des libertés numériques},
  author = {Macrez, Franck and Duflot, Frédéric},
  year = {2017},
  month = oct,
  journal = {Propriétés intellectuelles},
  number = {65},
  pages = {41--48},
  publisher = {Transactive [2001-2016] - Institut de recherche en propriété intellectuelle Henri Desbois (IRPI), Université Paris Panthéon-Assas [Paris II] [2017-....]},
  url = {https://hal.science/hal-04105668},
  urldate = {2024-04-11},
  abstract = {La question de l’interopérabilité est consubstantielle au développement de l’informatique. Pourtant, outil essentiel des libertés numérique et d’un principe de libre circulation appliqué aux données, elle est le pivot d’un développement durable du marché du numérique. Faute de travaux systémiques adaptés, son appréhension par le droit positif paraît encore malaisée. Les auteurs reviennent ainsi sur l’effectivité d’une reconnaissance effective de l’interopérabilité qui implique nécessairement une démarche globale, son articulation avec l’acquis et la prise en compte les caractéristiques intrinsèques des espaces numériques.},
  keywords = {bibl},
  file = {/home/port-pret-etu01/snap/zotero-snap/common/Zotero/storage/2TQ66S6A/Macrez et Duflot - 2017 - L'interopérabilité, principe incontournable des li.pdf}
}

@misc{holtzIRHTAuFil2015,
  title = {{L’IRHT, au fil des ans}},
  author = {Holtz, Louis},
  year = {2015},
  journal = {Les carnets de l'IRHT},
  issn = {2493-4399},
  doi = {10.58079/qhxe},
  url = {https://irht.hypotheses.org/1293},
  urldate = {2024-07-26},
  langid = {french},
  keywords = {bibl},
  file = {/home/port-pret-etu01/snap/zotero-snap/common/Zotero/storage/NKK975IF/1293.html}
}

@misc{PoleNumerique,
  title = {{Le Pôle numérique}},
  journal = {IRHT - CNRS},
  url = {https://www.irht.cnrs.fr/fr/qui-sommes-nous/l-organisation-de-l-irht/pole-numerique},
  urldate = {2024-07-26},
  abstract = {Le Pôle numérique soutient l’activité du laboratoire au niveau national et international, en s’investissant dans les volets de la documentation et de la recherche.},
  langid = {french},
  keywords = {Web},
  file = {/home/port-pret-etu01/snap/zotero-snap/common/Zotero/storage/Z39TP2AS/pole-numerique.html}
}

@misc{PortailBiblissima,
  title = {{Portail Biblissima}},
  journal = {IRHT - CNRS},
  url = {https://www.irht.cnrs.fr/fr/ressources/sites-web-outils-corpus/biblissima},
  urldate = {2024-07-29},
  langid = {french},
  keywords = {Web},
  file = {/home/port-pret-etu01/snap/zotero-snap/common/Zotero/storage/QIAKBWHN/biblissima.html}
}

@misc{SourcEncyMe,
  title = {{{SourcEncyMe}}},
  url = {http://sourcencyme.irht.cnrs.fr/},
  urldate = {2024-07-29},
  keywords = {Web},
  file = {/home/port-pret-etu01/snap/zotero-snap/common/Zotero/storage/MFJASTBG/sourcencyme.irht.cnrs.fr.html}
}

@misc{ThEMA,
  title = {{{ThEMA}}},
  url = {https://thema.huma-num.fr/},
  urldate = {2024-07-29},
  keywords = {Web},
  file = {/home/port-pret-etu01/snap/zotero-snap/common/Zotero/storage/6D8K49ZN/thema.huma-num.fr.html}
}

@book{tubachIndexExemplorumHandbook1969,
  title = {{Index exemplorum: a handbook of medieval religious tales}},
  shorttitle = {{Index exemplorum}},
  author = {Tubach, Frederic C.},
  year = {1969},
  publisher = {Suomalainen tiedeakatemia : Academia scientiarum fennica},
  address = {Helsinki, Finlande},
  issn = {0014-5815},
  langid = {anglais},
  keywords = {bibl},
  file = {/home/port-pret-etu01/snap/zotero-snap/common/Zotero/storage/F7SR3IGJ/SRCH.html}
}

@misc{17LinkingSegmentation,
  title = {{17 Linking, Segmentation, and Alignment - The TEI Guidelines}},
  url = {https://www.tei-c.org/release/doc/tei-p5-doc/en/html/SA.html},
  urldate = {2024-08-15},
  langid = {SCHEME=iso639 en},
  keywords = {Web},
  file = {/home/port-pret-etu01/snap/zotero-snap/common/Zotero/storage/WFKU6RZN/SA.html}
}

@misc{BasesDonneesTextuelles,
  title = {{Bases de données textuelles du CRH}},
  journal = {http://crh.ehess.fr},
  publisher = {Nom de votre éditeur},
  url = {http://crh.ehess.fr/index.php?7473},
  urldate = {2024-08-26},
  abstract = {Pionnier dans la constitution de bases de données depuis les années 1960, le CRH consacre une part importante de son activité à la constitution d'outils de recherche et à leur mise à disposition auprès de l'ensemble de la communauté savante. Des publications « papier » aux bases de données en ligne, ces outils se sont considérablement diversifiés. Le Collectif « Sources et données de la recherche » s'est donné pour mission de participer activement à l'accompagnement et au développement de cette branche d'activité du centre.  ~  Bibliographie européenne des Exempla (Bibliex)  Bibliex est une base bibliographique internationale sur les exempla médiévaux. Si elle ne prétend pas à l'exhaustivité, elle essaie cependant de suivre l'actualité scientifique. Elle est actuellement herbergée sur la plateforme Zotero.  Il s'agit d'un projet collectif auquel participent M.-A. Polo de Beaulieu (responsable), C. Ribaucourt (†), P. Collomb, J. Berlioz, tous les quatre menbres du CRH ; et G. Blangez (Univ. de Reims), Cl. Bremond (EHESS), B. Darbord (Paris X), M. Paulmier-Foucart (ARTEM), Cl. Cazalé-Berard (Univ. De Lille III), N. Fujita (Univ. de Tokyo), P. Canizares (Univ. de Madrid), V. Novak (Univ. de Budapest), Cr. Legimi (Univ. de Rome).  Responsable : Marie Anne Polo de Beaulieu (CNRS).  URL : https://www.zotero.org/groups/2304628/bibliex/library  ~  Quodlibase, base de données des Quodlibets théologiques (1230-1350)  Au Moyen Âge, les Quodlibets permettaient à un public élargi d'inter},
  langid = {french},
  keywords = {Web},
  file = {/home/port-pret-etu01/snap/zotero-snap/common/Zotero/storage/XNVAJR7F/index.html}
}

@misc{InformationsThEMA,
  title = {Informations sur {{ThEMA}}},
  url = {https://thema.huma-num.fr/about/},
  urldate = {2024-08-26},
  keywords = {Web},
  file = {/home/port-pret-etu01/snap/zotero-snap/common/Zotero/storage/EPFDDDQ6/about.html}
}

@misc{SourcesDonneesRecherche,
  title = {{Sources et données de la recherche}},
  journal = {http://crh.ehess.fr},
  publisher = {Nom de votre éditeur},
  url = {http://crh.ehess.fr/index.php?6813},
  urldate = {2024-08-26},
  abstract = {Extrait du premier article du numéro:  Le Collectif « Sources et données de la recherche » est une structure transversale du Centre de recherches historiques, centrée sur les thématiques afférentes aux données. Le Conseil de laboratoire a acté sa création le 8 avril 2019.  Espace de discussion entre ingénieurs, chercheurs et enseignants-chercheurs, le Collectif a pour but de lancer et d'accompagner des projets numériques qui s'appuient tant sur des données collectées récemment qu'issues des bases historiques du CRH. Il s'est aussi fixé pour objectif d'organiser des manifestations scientifiques et de contribuer au développement d'une culture numérique chez les chercheurs et les étudiants du laboratoire à travers des séminaires.  Le travail du Collectif Sources et données de la recherche est mené en association avec le pôle d’ingénierie géomatique pour l’histoire du CRH. Les réflexions sur la place du numérique dans les travaux des historiens abordées au sein du Collectif sont prolongées au sein du séminaire «~Enjeux et pratiques du numérique dans la recherche en histoire »~du Centre de recherches historiques.  Une réunion plénière a lieu chaque trimestre, tandis que les groupes de travail se réunissent tout au long de l'année.  Le Collectif est ouvert à de nouvelles participations. Pour prendre contact, écrivez à :~gestion.sourcesetdonnees@ehess.fr.  ~  Missions  - Être acteur de la définition de la politique du laboratoire en matière de construction, de traitement et de valorisation des données numériques},
  langid = {french},
  keywords = {Web},
  file = {/home/port-pret-etu01/snap/zotero-snap/common/Zotero/storage/R5L8JS6G/index.html}
}

@misc{SourcEncyMeSourcesEncyclopedies,
  title = {{{SourcEncyMe Sources}} des {{Encyclopédies Médiévales}}, corpus annoté},
  url = {http://sourcencyme.irht.cnrs.fr/historique},
  urldate = {2024-08-26},
  keywords = {Web},
  file = {/home/port-pret-etu01/snap/zotero-snap/common/Zotero/storage/QXYTK8DV/historique.html}
}

@misc{LabexHastecEPHE,
  title = {Labex {{Hastec}} ({{EPHE}}) | {{Un}} laboratoire d'excellence de {{PSL}} - {{Paris Sciences}} et {{Lettres}}, une université internationale, au coeur de {{Paris}}},
  url = {https://labexhastec.ephe.psl.eu/},
  urldate = {2024-08-26},
  keywords = {Web}
}

@book{wesselsOpenDataKnowledge2017,
  title = {Open {{Data}} and the {{Knowledge Society}}},
  author = {Wessels, Bridgette and Wadhwa, Kush and Finn, Rachel L.},
  year = {2017},
  publisher = {University Press},
  address = {Amsterdam},
  doi = {10.1515/9789048529360},
  isbn = {978-90-485-2936-0},
  langid = {english},
  keywords = {bibl},
  file = {/home/port-pret-etu01/snap/zotero-snap/common/Zotero/storage/W6JFJ3AP/Wessels - 2017 - Open Data and the Knowledge Society.pdf}
}

@article{jiangLiteratureReviewDevelopment2023,
  title = {Literature {{Review}} on the {{Development}} of {{Visualization Studies}} (2012–2022)},
  author = {Jiang, Tianyin and Hou, Yaxin and Yang, Jaebum},
  year = {2023},
  journal = {Engineering Proceedings},
  volume = {38},
  number = {1},
  pages = {1--10},
  publisher = {Multidisciplinary Digital Publishing Institute},
  issn = {2673-4591},
  doi = {10.3390/engproc2023038089},
  url = {https://www.mdpi.com/2673-4591/38/1/89},
  urldate = {2024-08-31},
  abstract = {In the past decade, the visualization and transformation of data and information have attracted lots of research interest, while visualization has gradually extended to all industries. Based on the retrieval of core literature in a Web of Science search from 2012 to 2022, this study finds that these developments mainly discussed the change of visualization and its related concepts, current research hotspots, and influential journal papers. Consequently, it aims to explore research gaps and provide directional guidance for future research.},
  copyright = {http://creativecommons.org/licenses/by/3.0/},
  langid = {english},
  keywords = {bibl},
  file = {/home/port-pret-etu01/snap/zotero-snap/common/Zotero/storage/3RN59UPG/Jiang et al. - 2023 - Literature Review on the Development of Visualizat.pdf}
}

@misc{20GraphsNetworks,
  title = {{20 Graphs, Networks, and Trees - The TEI Guidelines}},
  url = {https://www.tei-c.org/release/doc/tei-p5-doc/en/html/GD.html},
  urldate = {2024-08-31},
  langid = {SCHEME=iso639 en},
  keywords = {Web},
  file = {/home/port-pret-etu01/snap/zotero-snap/common/Zotero/storage/9W8UJXZF/GD.html}
}

@misc{GephiOpenGraph,
  title = {Gephi - {{The Open Graph Viz Platform}}},
  url = {https://gephi.org/},
  urldate = {2024-08-31},
  keywords = {Web},
  file = {/home/port-pret-etu01/snap/zotero-snap/common/Zotero/storage/MFJ3ZBW3/gephi.org.html}
}

@misc{CytoscapeOpenSource,
  title = {Cytoscape: {{An Open Source Platform}} for {{Complex Network Analysis}} and {{Visualization}}},
  url = {https://cytoscape.org/},
  urldate = {2024-08-31},
  keywords = {Web},
  file = {/home/port-pret-etu01/snap/zotero-snap/common/Zotero/storage/ENXR2EEG/cytoscape.org.html}
}

@incollection{beauguitteAnalyseReseauxSciences2016,
  title = {{L'analyse de réseaux en sciences sociales et en histoire}},
  booktitle = {{Le réseau. Usages d'une notion polysémique en sciences humaines et sociales}},
  author = {Beauguitte, Laurent},
  editor = {Letricot, Rosemonde and Cuxac, Mario and Uzcategui Moncada, Maria and Cavaletto, Andréa},
  year = {2016},
  pages = {9--24},
  publisher = {Presses Universitaires de Louvain},
  address = {Louvain-La-Neuve},
  url = {https://shs.hal.science/halshs-01476090},
  urldate = {2024-08-31},
  langid = {french},
  keywords = {bibl},
  file = {/home/port-pret-etu01/snap/zotero-snap/common/Zotero/storage/7F5R2F33/Beauguitte - 2016 - L'analyse de réseaux en sciences sociales et en hi.pdf}
}

@book{vincentdebeauvaisBibliothecaMundiVincentii1624a,
  title = {{Bibliotheca mundi Vincentii Burgundi, ex ordine Praedicatorum venerabilis episcopi Bellovacensis, Speculum quadruplex, naturale, doctrinale, morale, historiale}},
  author = {{Vincent de Beauvais}, d 1264},
  year = {1624},
  publisher = {ex officina typographica Baltazaris Belleri},
  url = {http://archive.org/details/BibliothecaMundiVincentiiBurgundi4},
  urldate = {2024-09-01},
  abstract = {Book digitized by Google and uploaded by ARLIMA (http://www.arlima.net)},
  copyright = {http://creativecommons.org/publicdomain/mark/1.0/},
  langid = {lat},
  keywords = {bibl}
}

@misc{RecitsExemplairesMoniale,
  title = {Les récits exemplaires de la moniale chaste et bavarde dans {{ThEMA}}},
  url = {https://thema.huma-num.fr/search?term=&collection=all&author=all&context=all&keyword=&keyword=&keyword=&tubach=TUB723&tubach=&tubach=&allegory=all},
  urldate = {2024-09-01},
  keywords = {Web},
  file = {/home/port-pret-etu01/snap/zotero-snap/common/Zotero/storage/XEBDU7N6/search.html}
}

@incollection{berliozIntroductionGenerale2010,
  title = {{Introduction générale}},
  booktitle = {{Le tonnerre des exemples : Exempla et médiation culturelle dans l’Occident médiéval}},
  author = {Berlioz, Jacques and de Beaulieu, Marie Anne Polo},
  editor = {Polo De Beaulieu, Marie-Anne and Collomb, Pascal},
  year = {2010},
  pages = {11--15},
  publisher = {Presses universitaires de Rennes},
  address = {Rennes},
  doi = {10.4000/books.pur.132003},
  url = {https://books.openedition.org/pur/132003},
  urldate = {2024-09-01},
  copyright = {https://www.openedition.org/12554},
  isbn = {978-2-7535-6759-7},
  langid = {french},
  keywords = {bibl}
}

@misc{RecitExemplaireUtilise,
  title = {Récit exemplaire utilisé pour la comparaison de textes},
  url = {http://sourcencyme.irht.cnrs.fr/encyclopedie/summa_de_exemplis_ac_similitudinibus_rerum_ed_anvers_1609?citid=cit_idp119842416},
  urldate = {2024-09-01},
  keywords = {Web},
  file = {/home/port-pret-etu01/snap/zotero-snap/common/Zotero/storage/W4UXN3SG/summa_de_exemplis_ac_similitudinibus_rerum_ed_anvers_1609.html}
}

@book{bremondclaudeExemplum1982,
  title = {L'{{Exemplum}}},
  author = {{Bremond Claude} and {Schmitt Jean-Claude historien} and {Le Goff Jacques}},
  year = {1982},
  publisher = {Brepols},
  address = {Turnhout},
  isbn = {978-2-503-36000-3},
  keywords = {bibl}
}

@incollection{oldoniGiovanniSanGimignano1994,
  title = {Giovanni da {{San Gimignano}}},
  booktitle = {L'enciclopedismo medievale},
  author = {Oldoni, Massimo},
  editor = {Picone, Michelangelo},
  year = {1994},
  pages = {213--228},
  publisher = {Longo},
  address = {Ravenna},
  keywords = {bibl},
  file = {/home/port-pret-etu01/snap/zotero-snap/common/Zotero/storage/34JTZ7HQ/anzeige.html}
}

@misc{PageDedieeAu2024,
  title = {{Page dédiée au mot exemplum dans Wikitionnaire}},
  year = {2024},
  month = jun,
  journal = {Wiktionnaire, le dictionnaire libre},
  url = {https://fr.wiktionary.org/w/index.php?title=exemplum&oldid=35038953},
  urldate = {2024-09-02},
  copyright = {Creative Commons Attribution-ShareAlike License},
  langid = {french},
  keywords = {Web},
  annotation = {Page Version ID: 35038953},
  file = {/home/port-pret-etu01/snap/zotero-snap/common/Zotero/storage/F8MNC94C/exemplum.html}
}

@misc{PartenairesProjetBiblissima,
  title = {Partenaires du projet {{Biblissima}}},
  publisher = {Biblissima},
  url = {https://projet.biblissima.fr/en/community/founding-partners},
  urldate = {2024-09-02},
  abstract = {The Biblissima+ EquipEx is built on a base composed of the partners of the Biblissima EquipEx (2012-2021): supported by the Campus Condorcet, Biblissima has brought together major French players in research and conservation on the written heritage of the Middle Ages and the Renaissance: BnF, CESR (Tours), CIHAM (Lyon-Avignon), CJM (ENC-PSL), SAPRAT (EPHE-PSL), IRHT (CNRS, Paris-Orléans), CRAHAM and MRSH of Caen, and, since 2017, the Archives nationales.},
  langid = {english},
  keywords = {Web},
  file = {/home/port-pret-etu01/snap/zotero-snap/common/Zotero/storage/85K2FPXP/founding-partners.html}
}

@book{pedroBuildingAPIProduct2024,
  title = {Building an {{API Product}}: {{Design}}, {{Implement}}, {{Release}}, and {{Maintain API Products That Meet User Needs}}},
  shorttitle = {Building an {{API Product}}},
  author = {Pedro, Bruno},
  year = {2024},
  publisher = {Packt Publishing, Limited},
  address = {Birmingham},
  isbn = {978-1-83763-044-8},
  langid = {english},
  keywords = {bibl}
}
